<record><leader>00000cas a22000007a 4500</leader><controlfield tag="001">9302363</controlfield><controlfield tag="008">830311d18461846dcuwr ne      0    0eng  </controlfield><datafield ind1=" " ind2=" " tag="010"><subfield code="a">sn 82016370 </subfield></datafield><datafield ind1=" " ind2=" " tag="040"><subfield code="a">DLC</subfield><subfield code="b">eng</subfield><subfield code="c">DLC</subfield><subfield code="d">NPY</subfield><subfield code="d">NPX</subfield><subfield code="d">DLC</subfield><subfield code="d">OCLCQ</subfield></datafield><datafield ind1=" " ind2=" " tag="042"><subfield code="a">msc</subfield></datafield><datafield ind1="0" ind2="0" tag="050"><subfield code="a">Newspaper 7285-X</subfield></datafield><datafield ind1="0" ind2=" " tag="130"><subfield code="a">Weekly times (Washington, D.C. : 1846)</subfield></datafield><datafield ind1="1" ind2="4" tag="245"><subfield code="a">The weekly times.</subfield></datafield><datafield ind1=" " ind2=" " tag="260"><subfield code="a">Washington [i.e Washington, D.C.] :</subfield><subfield code="b">J.E. Dow</subfield></datafield><datafield ind1=" " ind2=" " tag="300"><subfield code="a">v. ;</subfield><subfield code="c">59-69 cm.</subfield></datafield><datafield ind1=" " ind2=" " tag="310"><subfield code="a">Weekly</subfield></datafield><datafield ind1="1" ind2=" " tag="362"><subfield code="a">Began in Feb., 1846; ceased in Mar., 1846.</subfield></datafield><datafield ind1=" " ind2=" " tag="500"><subfield code="a">Editor: H.H. Robinson, 1846.</subfield></datafield><datafield ind1=" " ind2=" " tag="588"><subfield code="a">Description based on: Vol. 1, no. 43 (Feb. 28, 1846).</subfield></datafield><datafield ind1=" " ind2=" " tag="752"><subfield code="a">United States</subfield><subfield code="b">District of Columbia</subfield><subfield code="d">Washington.</subfield></datafield><datafield ind1="1" ind2=" " tag="775"><subfield code="t">Semi-weekly times (Washington, D.C.)</subfield><subfield code="w">(DLC)sn 82016371</subfield></datafield><datafield ind1="1" ind2=" " tag="775"><subfield code="t">Daily times (Washington, D.C.)</subfield><subfield code="w">(DLC)sn 82006798</subfield></datafield><datafield ind1="0" ind2="0" tag="780"><subfield code="t">United States journal (Washington, D.C. : 1845 : Weekly)</subfield><subfield code="w">(DLC)sn 82016368</subfield></datafield><datafield ind1="1" ind2=" " tag="029"><subfield code="a">AU@</subfield><subfield code="b">000025838530</subfield></datafield></record>